<collection xmlns="http://www.loc.gov/MARC21/slim">
<record>
  <leader>01484nam0a22002651i 450 </leader>
  <controlfield tag="001">IT\ICCU\CNCE\072945</controlfield>
  <controlfield tag="005">20080514000000.0</controlfield>
  <datafield tag="012" ind1=" " ind2=" ">
    <subfield code="a">i-em esni mues adal (3) 1511 (R)</subfield>
    <subfield code="2">fei</subfield>
  </datafield>
  <datafield tag="100" ind1=" " ind2=" ">
    <subfield code="a">20080514d1511        0itac0103    ba</subfield>
  </datafield>
  <datafield tag="101" ind1=" " ind2=" ">
    <subfield code="a">LAT</subfield>
  </datafield>
  <datafield tag="102" ind1=" " ind2=" ">
    <subfield code="a">IT</subfield>
  </datafield>
  <datafield tag="200" ind1="1" ind2=" ">
    <subfield code="a">Hoc opere contenta: De proemio, &amp; eius partibus questio; De formali ratione subiecti compendium; Auerois in Phisico auditu proemium emendatum; Praeclara admodum &amp; omnibus aliis in hac scientia operibus resolutior Auerois in quatuor de celo &amp; mundo librosparaphrasis fideli &amp; clara uerborum serie iam dudum de hebraicis latebris in latinum splendorem conuersa; Auerois in duodecimo Metaphisicae proemium quoque de hebraico decerptum exemplari</subfield>
  </datafield>
  <datafield tag="210" ind1=" " ind2=" ">
    <subfield code="e">Impressum Mediolani</subfield>
    <subfield code="g">apud Leonardum Vegium</subfield>
    <subfield code="h">anno Domini 1511 die IIII mensis Decemb.</subfield>
  </datafield>
  <datafield tag="215" ind1=" " ind2=" ">
    <subfield code="a">XLV, \1! c.</subfield>
    <subfield code="c">ill.</subfield>
    <subfield code="d">fol</subfield>
  </datafield>
  <datafield tag="300" ind1=" " ind2=" ">
    <subfield code="a">ANNULLATA:  ̈la 3513</subfield>
  </datafield>
  <datafield tag="620" ind1=" " ind2=" ">
    <subfield code="a">IT</subfield>
    <subfield code="d">Milano</subfield>
  </datafield>
  <datafield tag="700" ind1=" " ind2="1">
    <subfield code="a">Ricci,</subfield>
    <subfield code="b">Paolo</subfield>
    <subfield code="3">IT\ICCU\CNCA\007484</subfield>
  </datafield>
  <datafield tag="712" ind1="0" ind2="0">
    <subfield code="a">Vegio, Leonardo</subfield>
    <subfield code="3">IT\ICCU\CNCT\000313</subfield>
    <subfield code="4">650</subfield>
  </datafield>
  <datafield tag="790" ind1=" " ind2="1">
    <subfield code="a">Ricius,</subfield>
    <subfield code="b">Paulus</subfield>
    <subfield code="3">IT\ICCU\CNCA\023576</subfield>
    <subfield code="z">Ricci, Paolo</subfield>
  </datafield>
  <datafield tag="791" ind1="0" ind2="0">
    <subfield code="a">De_Vegiis, Leonardus</subfield>
    <subfield code="3">IT\ICCU\CNCT\004154</subfield>
    <subfield code="z">Vegio, Leonardo</subfield>
  </datafield>
  <datafield tag="791" ind1="0" ind2="0">
    <subfield code="a">Vegius, Leonardus</subfield>
    <subfield code="3">IT\ICCU\CNCT\005862</subfield>
    <subfield code="z">Vegio, Leonardo</subfield>
  </datafield>
  <datafield tag="791" ind1="0" ind2="0">
    <subfield code="a">Vegiis, Leonardus de</subfield>
    <subfield code="3">IT\ICCU\CNCT\005863</subfield>
    <subfield code="z">Vegio, Leonardo</subfield>
  </datafield>
  <datafield tag="791" ind1="0" ind2="0">
    <subfield code="a">Vegii, Leonardo di</subfield>
    <subfield code="3">IT\ICCU\CNCT\005864</subfield>
    <subfield code="z">Vegio, Leonardo</subfield>
  </datafield>
  <datafield tag="801" ind1=" " ind2="3">
    <subfield code="a">IT</subfield>
    <subfield code="b">ICCU</subfield>
    <subfield code="c">20201115</subfield>
  </datafield>
  <datafield tag="899" ind1=" " ind2=" ">
    <subfield code="a">Biblioteca Apostolica Vaticana. Citt ̉del Vaticano</subfield>
    <subfield code="1">EX0001</subfield>
    <subfield code="2">ZCV 01</subfield>
  </datafield>
</record>
</collection>
